@inproceedings{adamsComparisonSoftwareHardware2006,
  title = {A Comparison of Software and Hardware Techniques for X86 Virtualization},
  booktitle = {Proceedings of the 12th International Conference on {{Architectural}} Support for Programming Languages and Operating Systems},
  author = {Adams, Keith and Agesen, Ole},
  year = {2006},
  month = oct,
  pages = {2--13},
  publisher = {{ACM}},
  address = {{San Jose California USA}},
  
  url = {https://dl.acm.org/doi/10.1145/1168857.1168860},
  urldate = {2023-12-07},
  
  isbn = {978-1-59593-451-2},
  langid = {english}
}

@article{akramValidationGem5Simulator2019,
  title = {Validation of the Gem5 {{Simulator}} for X86 {{Architectures}}},
  author = {Akram, Ayaz and Sawalha, Lina},
  year = {2019},
  month = nov,
  journal = {2019 IEEE/ACM Performance Modeling, Benchmarking and Simulation of High Performance Computer Systems (PMBS)},
  pages = {53--58},
  publisher = {{IEEE}},
  address = {{Denver, CO, USA}},
  
  url = {https://ieeexplore.ieee.org/document/9059267/},
  urldate = {2023-12-06},
  
  isbn = {9781728159775}
}

@misc{haswell_cpu,
  title = {Intel’s Haswell CPU Micrarchitecture},
  howpublished = {\url{http://www.realworldtech.com/haswell-cpu/}},
  note = {Online; accessed 1-June-2017}
}


@online{noauthor_intel_nodate,
	title = {Intel Core Processors and Intel Bridge Technology Unleash Windows 11},
	url = {https://www.intel.com/content/www/us/en/newsroom/news/intel-tech-unleashes-windows-experience.html},
	urldate = {2024-04-16},
	
}


@article{altmanAdvancesFutureChallenges2001,
  title = {Advances and Future Challenges in Binary Translation and Optimization},
  author = {{Erik R. Altman} and {Kemal Ebcioglu} and {Michael Gschwind} and {Sumedh Sathaye}},
  year = {2001},
  month = nov,
  journal = {Proceedings of the IEEE},
  volume = {89},
  number = {11},
  pages = {1710--1722},
  issn = {00189219},
  
  
}

@article{altmanWelcomeOpportunitiesBinary2000,
  title = {Welcome to the Opportunities of Binary Translation},
  author = {{Erik R. Altman} and {David Kaeli} and {Yaron Sheffer}},
  year = {2000},
  month = mar,
  journal = {Computer},
  volume = {33},
  number = {3},
  pages = {40--45},
  issn = {00189162},
  
  
}

@book{ARMCoreSight,
  title = {{{ARM}}{\textregistered} {{CoreSight}}{\texttrademark} {{Architecture Specification}}},
  author = {{ARM}},
  year = {2013},
  edition = {v2.0},
  
}

@inproceedings{balaDynamoTransparentDynamic2011,
  title = {Dynamo: A Transparent Dynamic Optimization System},
  shorttitle = {Dynamo},
  booktitle = {{{ACM SIGPLAN Notices}}},
  author = {Bala, Vasanth and Duesterwald, Evelyn and Banerjia, Sanjeev},
  year = {2011},
  month = may,
  volume = {46},
  pages = {41--52},
  issn = {0362-1340, 1558-1160},
  
  url = {https://dl.acm.org/doi/10.1145/1988042.1988044},
  urldate = {2023-12-07},
  
  langid = {english}
}

@inproceedings{barazIA32ExecutionLayer2003,
  title = {{{IA-32 Execution Layer}}: A Two-Phase Dynamic Translator Designed to Support {{IA-32}} Applications on {{Itanium}}{\textregistered}-Based Systems},
  shorttitle = {{{IA-32 Execution Layer}}},
  booktitle = {Micro},
  author = {Baraz, Leonid and Devor, Tevi and Etzion, Orna and Goldenberg, S. and Skaletsky, Alex and Wang, Yun and Zemach, Yigel},
  year = {2003},
  url = {https://www.semanticscholar.org/paper/IA-32-Execution-Layer%3A-a-two-phase-dynamic-designed-Baraz-Devor/2be489f1c0cec6b92988d0094fdc0eec72f5bcd9},
  urldate = {2023-11-29},
  
}

@inproceedings{bellardQEMUFastPortable2005,
  title = {{{QEMU}}, a {{Fast}} and {{Portable Dynamic Translator}}},
  booktitle = {{{USENIX Annual Technical Conference}}},
  author = {Bellard, Fabrice},
  year = {2005},
  month = apr,
  volume = {41},
  pages = {46},
  
  
}

@article{boggsDenverNvidiaFirst2015,
  title = {Denver: {{Nvidia}}'s {{First}} 64-Bit {{ARM Processor}}},
  shorttitle = {Denver},
  author = {Boggs, Darrell and Brown, Gary and Tuck, Nathan and Venkatraman, K S},
  year = {2015},
  month = mar,
  journal = {IEEE/ACM International Symposium on Microarchitecture},
  volume = {35},
  number = {2},
  pages = {46--55},
  issn = {0272-1732},
  
  url = {http://ieeexplore.ieee.org/document/7045419/},
  urldate = {2023-12-07},
  
}

@article{bohmGeneralizedJustintimeTrace2011,
  title = {Generalized Just-in-Time Trace Compilation Using a Parallel Task Farm in a Dynamic Binary Translator},
  author = {B{\"o}hm, Igor and {Edler von Koch}, Tobias J.K. and Kyle, Stephen C. and Franke, Bj{\"o}rn and Topham, Nigel},
  year = {2011},
  month = jun,
  journal = {ACM SIGPLAN Notices},
  volume = {46},
  number = {6},
  pages = {74--85},
  issn = {0362-1340},
  
  url = {https://doi.org/10.1145/1993316.1993508},
  urldate = {2023-11-28},
  
  keywords = {dynamic binary translation,dynamic work scheduling,just-in-time compilation,parallelization,task farm},
  
}

@phdthesis{brueningEfficientTransparentComprehensive2004,
  title = {Efficient, Transparent, and Comprehensive Runtime Code Manipulation},
  author = {Bruening, Derek},
  year = {2004},
  url = {https://www.semanticscholar.org/paper/Efficient%2C-transparent%2C-and-comprehensive-runtime-Bruening/326cdcbce0831d873ef41ad56e98eddfa6dff235},
  urldate = {2023-11-28},
  
}

@article{callaghanOptimisingDynamicBinary2020,
  title = {Optimising Dynamic Binary Modification across 64-Bit {{Arm}} Microarchitectures},
  author = {Callaghan, Guillermo and Gorgovan, Cosmin and Luj{\'a}n, Mikel},
  year = {2020},
  month = mar,
  journal = {Proceedings of the 16th ACM SIGPLAN/SIGOPS International Conference on Virtual Execution Environments},
  pages = {185--197},
  publisher = {{ACM}},
  address = {{Lausanne Switzerland}},
  
  url = {https://dl.acm.org/doi/10.1145/3381052.3381322},
  urldate = {2023-12-07},
  
  isbn = {9781450375542},
  langid = {english}
}

@misc{CapstoneEngine2023,
  title = {Capstone},
  author = {{Capstone Engine}},
  year = {2013},
  url = {https://github.com/capstone-engine/capstone},
  urldate = {2023-11-29},
  
  howpublished = {Capstone Engine},
  keywords = {arm,arm64,bpf,disassembler,ethereum,framework,m0s65xx,m680x,m68k,mips,powerpc,reverse-engineering,riscv,security,sparc,systemz,tms320c64x,webassembly,x86,x86-64}
}

@article{chernoffFX32Profiledirected1998,
  title = {{{FX}}!32 a Profile-Directed Binary Translator},
  author = {{Anton Chernoff} and {Mark Herdeg} and {Ray Hookway} and {Chris Reeve} and {Norman Rubin} and {Tony Tye} and {S. Bharadwaj Yadavalli} and {John Yates}},
  year = {March-April/1998},
  journal = {IEEE/ACM International Symposium on Microarchitecture},
  volume = {18},
  number = {2},
  pages = {56--64},
  issn = {02721732},
  
  url = {http://ieeexplore.ieee.org/document/671403/},
  urldate = {2023-12-07},
  
}

@misc{Coremark2023,
  title = {{{CoreMark}}},
  author = {{EEMBC}},
  year = {2023},
  month = jan,
  url = {https://github.com/eembc/coremark},
  urldate = {2023-11-28},
  
  howpublished = {Embedded Microprocessor Benchmark Consortium}
}

@article{cristinacifuentesBinaryTranslationStatic1996,
  title = {Binary Translation: Static, Dynamic, Retargetable?},
  shorttitle = {Binary Translation},
  author = {{Cristina Cifuentes} and {Vishv Malhotra}},
  year = {1996},
  journal = {Proceedings of International Conference on Software Maintenance ICSM-96},
  pages = {340--349},
  publisher = {{IEEE}},
  address = {{Monterey, CA, USA}},
  
  
  isbn = {9780818676772}
}

@article{dantrasLowOverheadDynamic2017,
  title = {Low Overhead Dynamic Binary Translation on {{ARM}}},
  author = {{d'Antras}, Amanieu and Gorgovan, Cosmin and Garside, Jim and Luj{\'a}n, Mikel},
  year = {2017},
  month = jun,
  journal = {Proceedings of the 38th ACM SIGPLAN Conference on Programming Language Design and Implementation},
  pages = {333--346},
  publisher = {{ACM}},
  address = {{Barcelona Spain}},
  
  url = {https://dl.acm.org/doi/10.1145/3062341.3062371},
  urldate = {2023-11-28},
  
  isbn = {9781450349888},
  langid = {english},
  
}

@article{dantrasOptimizingIndirectBranches2016,
  title = {Optimizing {{Indirect Branches}} in {{Dynamic Binary Translators}}},
  author = {{d'Antras}, Amanieu and Gorgovan, Cosmin and Garside, Jim and Luj{\'a}n, Mikel},
  year = {2016},
  month = apr,
  journal = {ACM Transactions on Architecture and Code Optimization},
  volume = {13},
  number = {1},
  pages = {1--25},
  issn = {1544-3566, 1544-3973},
  
  url = {https://dl.acm.org/doi/10.1145/2866573},
  urldate = {2023-11-28},
  
  langid = {english},
  
}

@article{dehnertTransmetaCodeMorphing2003,
  title = {The {{Transmeta Code Morphing}}{\texttrademark} {{Software}}: Using Speculation, Recovery, and Adaptive Retranslation to Address Real-Life Challenges},
  shorttitle = {The {{Transmeta Code Morphing}}/Spl Trade/ {{Software}}},
  author = {{James C. Dehnert} and {Brian K. Grant} and {John P. Banning} and {Richaard Johnson} and {Thomas Kistler} and {Alexander Klaiber} and {Jim Mattson}},
  year = {2003},
  journal = {International Symposium on Code Generation and Optimization},
  pages = {15--24},
  publisher = {{IEEE Comput. Soc}},
  address = {{San Francisco, CA, USA}},
  
  url = {http://ieeexplore.ieee.org/document/1191529/},
  urldate = {2023-12-07},
  
  isbn = {9780769519135}
}

@article{difedericoRevNgUnified2017,
  title = {Rev.Ng: A Unified Binary Analysis Framework to Recover {{CFGs}} and Function Boundaries},
  shorttitle = {Rev.Ng},
  author = {Di Federico, Alessandro and Payer, Mathias and Agosta, Giovanni},
  year = {2017},
  month = feb,
  journal = {Proceedings of the 26th International Conference on Compiler Construction},
  pages = {131--141},
  publisher = {{ACM}},
  address = {{Austin TX USA}},
  
  url = {https://dl.acm.org/doi/10.1145/3033019.3033028},
  urldate = {2023-12-07},
  
  isbn = {9781450352338},
  langid = {english},
  
}

@inproceedings{dinaburgMcsemaStaticTranslation2014,
  title = {Mcsema: {{Static}} Translation of X86 Instructions to Llvm},
  shorttitle = {Mcsema},
  booktitle = {{{ReCon}} 2014 {{Conference}}, {{Montreal}}, {{Canada}}},
  author = {Dinaburg, Artem and Ruef, Andrew},
  year = {2014},
  url = {https://recon.cx/2014/slides/McSema.pdf},
  urldate = {2023-12-07},
  
}

@article{ebciogluDynamicBinaryTranslation2001,
  title = {Dynamic Binary Translation and Optimization},
  author = {{Kemal Ebcioglu} and {Erik Altman} and {Michael Gschwind} and {Sumedh Sathaye}},
  year = {2001},
  month = jun,
  journal = {IEEE Transactions on Computers},
  volume = {50},
  number = {6},
  pages = {529--548},
  issn = {00189340},
  
  url = {http://ieeexplore.ieee.org/document/931892/},
  urldate = {2023-12-07},
  
}

@article{fengtangEfLAAlgorithmBased2007,
  title = {基于动态反馈的标志位线性分析算法},
  author = {{唐锋} and {武成岗} and {冯晓兵} and {张兆庆}},
  year = {2007},
  journal = {Journal of Software},
  volume = {18},
  number = {7},
  pages = {1603},
  issn = {1000-9825},
  
  url = {http://219.238.6.200/article?code=jos181603&jccode=52},
  urldate = {2023-11-28},
  
  langid = {english}
}

@misc{FEXEmuFasta,
  title = {{{FEX}}},
  author = {{FEX-Emu}},
  year = {2018},
  url = {https://github.com/FEX-Emu/FEX},
  urldate = {2023-11-28},
  
  
}

@article{Gem5SimulatorVersion2020,
  title = {The Gem5 {{Simulator}}: {{Version}} 20.0+},
  shorttitle = {The Gem5 {{Simulator}}},
  author = {{Lowe-Power}, Jason and Ahmad, Abdul Mutaal and Akram, Ayaz and Alian, Mohammad and Amslinger, Rico and Andreozzi, M. and Armejach, Adri{\`a} and Asmussen, N. and Bharadwaj, Srikant and Black, Gabriel and Bloom, Gedare and Bruce, Bobby R. and Carvalho, Daniel Rodrigues and Castrill{\'o}n, J. and Chen, Lizhong and Derumigny, Nicolas and Diestelhorst, S. and Elsasser, Wendy and Fariborz, Marjan and {Farmahini-Farahani}, A. and Fotouhi, P. and Gambord, Ryan and Gandhi, Jayneel and Gope, Dibakar and Grass, Thomas and Hanindhito, Bagus and Hansson, Andreas and Haria, Swapnil and Harris, Austin and Hayes, Timothy and Herrera, Adri{\'a}n and Horsnell, Matthew and Jafri, Syed Ali Raza and Jagtap, R. and Jang, Hanhwi and Jeyapaul, Reiley and Jones, Timothy M. and Jung, Matthias and Kannoth, Subash and Khaleghzadeh, Hamidreza and Kodama, Yuetsu and Krishna, T. and Marinelli, Tom and Menard, Christian and Mondelli, Andrea and Muck, T. and Naji, Omar and Nathella, Krishnendra and Nguyen, H. and Nikoleris, Nikos and Olson, Lena E. and Orr, Marc S. and Pham, B. and Prieto, P. and Reddy, Trivikram and Roelke, A. and Samani, Mahyar and Sandberg, Andreas and Setoain, J. and Shingarov, Boris and Sinclair, Matthew D. and Ta, T. and Thakur, Rahul and Travaglini, G. and Upton, M. and Vaish, Nilay and Vougioukas, Ilias and Wang, Zhengrong and Wehn, N. and Weis, C. and Wood, D. and Yoon, Hongil and Zulian, 'Eder F.},
  year = {2020},
  month = jul,
  journal = {ArXiv},
  url = {https://www.semanticscholar.org/paper/The-gem5-Simulator%3A-Version-20.0%2B-Lowe-Power-Ahmad/c5e451dc916cf981b57250d2d77df51cd1f05bfd},
  urldate = {2023-11-28},
  
  
}

@article{gem5OriginalPaper,
author = {Binkert, Nathan and Beckmann, Bradford and Black, Gabriel and Reinhardt, Steven K. and Saidi, Ali and Basu, Arkaprava and Hestness, Joel and Hower, Derek R. and Krishna, Tushar and Sardashti, Somayeh and Sen, Rathijit and Sewell, Korey and Shoaib, Muhammad and Vaish, Nilay and Hill, Mark D. and Wood, David A.},
title = {The gem5 simulator},
year = {2011},
issue_date = {May 2011},
publisher = {Association for Computing Machinery},
address = {New York, NY, USA},
volume = {39},
number = {2},
issn = {0163-5964},
url = {https://doi.org/10.1145/2024716.2024718},


journal = {SIGARCH Comput. Archit. News},
month = {aug},
pages = {1–7},
numpages = {7}
}

@article{Butko2012AccuracyEO,
  title={Accuracy evaluation of GEM5 simulator system},
  author={Anastasiia Butko and Rafael Garibotti and Luciano Ost and Gilles Sassatelli},
  journal={7th International Workshop on Reconfigurable and Communication-Centric Systems-on-Chip (ReCoSoC)},
  year={2012},
  pages={1-7},
  url={https://api.semanticscholar.org/CorpusID:23465429}
}

@article{guanSINOFDynamicstaticCombined2012,
  title = {{{SINOF}}: {{A}} Dynamic-Static Combined Framework for Dynamic Binary Translation},
  shorttitle = {{{SINOF}}},
  author = {Guan, Haibing and Zhu, Erzhou and Wang, Hongxi and Ma, Ruhui and Yang, Yindong and Wang, Bin},
  year = {2012},
  month = sep,
  journal = {Journal of Systems Architecture},
  volume = {58},
  number = {8},
  pages = {305--317},
  issn = {13837621},
  
  url = {https://linkinghub.elsevier.com/retrieve/pii/S1383762112000422},
  urldate = {2023-12-07},
  
  langid = {english}
}

@article{horspoolApproachProblemDetranslation1980,
  title = {An {{Approach}} to the {{Problem}} of {{Detranslation}} of {{Computer Programs}}},
  author = {Horspool, R. N. and Marovac, N.},
  year = {1980},
  month = aug,
  journal = {The Computer Journal},
  volume = {23},
  number = {3},
  pages = {223--229},
  issn = {0010-4620, 1460-2067},
  
  url = {https://academic.oup.com/comjnl/article-lookup/doi/10.1093/comjnl/23.3.223},
  urldate = {2023-12-07},
  
  langid = {english},
  
}

@misc{howX86Emulation2023,
  title = {How X86 Emulation Works on {{Arm}}},
  author = {{Microsoft}},
  year = {2023},
  month = oct,
  url = {https://learn.microsoft.com/en-us/windows/arm/apps-on-arm-x86-emulation},
  urldate = {2023-11-23},
  
  langid = {american},
  
}

@incollection{Intel64Chap35PT,
  title = {{{Intel}}{\textregistered} {{Processor Trace}}},
  booktitle = {{{Intel}}{\textregistered} 64 and Ia-32 Architectures Software Developer's Manual},
  author = {{Intel Corporation}},
  year = {2018},
  volume = {3},
  pages = {4025--4105},
  
  
}

@misc{klaiberTechnologyCrusoeTM2000,
  title = {The {{Technology Behind Crusoe TM Processors Low-power}} X86-{{Compatible Processors Implemented}} with {{Code Morphing}}},
  author = {{Alexander Klaiber}},
  year = {2000},
  publisher = {{Transmeta Corporation}},
  url = {http://www.transmeta.com},
  urldate = {2023-11-29},
  
}

@article{kotraImprovingUtilizationMicrooperation2020,
  title = {Improving the {{Utilization}} of {{Micro-operation Caches}} in X86 {{Processors}}},
  author = {{Jagadish B. Kotra} and {John Kalamatianos}},
  year = {2020},
  month = oct,
  journal = {53rd Annual IEEE/ACM International Symposium on Microarchitecture},
  pages = {160--172},
  publisher = {{IEEE}},
  address = {{Athens, Greece}},
  
  url = {https://ieeexplore.ieee.org/document/9251990/},
  urldate = {2023-12-05},
  
  isbn = {9781728173832}
}

@misc{KunPengExaGear,
  title = {{华为动态二进制翻译工具（ExaGear）}},
  author = {{华为技术有限公司}},
  year = {2023},
  url = {https://www.hikunpeng.com/developer/devkit/exagear},
  urldate = {2023-11-23},
  
  langid = {chinese},
  
}

@article{LoongArch2023,
  title = {{龙芯指令系统架构技术}},
  author = {{胡伟武} and {汪文祥} and {吴瑞阳} and {王焕东} and {曾露} and {徐成华} and {高翔} and {张福新}},
  year = {2023},
  journal = {计算机研究与发展},
  volume = {60},
  number = {1},
  pages = {2--16},
  issn = {1000-1239},
  
  url = {https://crad.ict.ac.cn/cn/article/doi/10.7544/issn1000-1239.202220196},
  urldate = {2023-11-23},
  
  copyright = {http://creativecommons.org/licenses/by/3.0/},
  langid = {chinese},
  
}

@article{LoongArchEnv2022,
  title = {{龙芯指令系统架构及其软件生态建设}},
  author = {{胡伟武} and {高翔} and {张戈}},
  year = {2022},
  month = apr,
  journal = {信息通信技术与政策},
  volume = {48},
  number = {4},
  pages = {43},
  issn = {2096-5931},
  
  url = {http://ictp.caict.ac.cn/CN/10.12267/j.issn.2096-5931.2022.04.008},
  urldate = {2023-11-23},
  
  langid = {chinese}
}

@inproceedings{lukPinBuildingCustomized2005,
  title = {Pin: Building Customized Program Analysis Tools with Dynamic Instrumentation},
  shorttitle = {Pin},
  booktitle = {Proceedings of the 2005 {{ACM SIGPLAN}} Conference on {{Programming}} Language Design and Implementation},
  author = {Luk, Chi-Keung and Cohn, Robert and Muth, Robert and Patil, Harish and Klauser, Artur and Lowney, Geoff and Wallace, Steven and Reddi, Vijay Janapa and Hazelwood, Kim},
  year = {2005},
  month = jun,
  pages = {190--200},
  publisher = {{ACM}},
  address = {{Chicago IL USA}},
  
  url = {https://dl.acm.org/doi/10.1145/1065010.1065034},
  urldate = {2023-11-28},
  
  isbn = {978-1-59593-056-9},
  langid = {english}
}

@inproceedings{markprobstDynamicBinaryTranslation2003,
  title = {Dynamic Binary Translation},
  booktitle = {{{UKUUG Linux Developer}}'s {{Conference}}},
  author = {{Mark Probst}},
  year = {2003},
  
  
}

@article{maTwoConditionCode2005,
  title = {{二进制翻译中的标志位优化技术}},
  author = {{马湘宁} and {武成岗} and {唐锋} and {冯晓兵} and {张兆庆}},
  year = {2005},
  journal = {计算机研究与发展},
  volume = {42},
  number = {2},
  pages = {329},
  issn = {1000-1239},
  
  url = {http://219.238.6.200/article?code=crad20050222&jccode=58},
  urldate = {2023-11-28},
  
  langid = {chinese}
}

@article{maTwoConditionCode2005En,
  title = {Two {{Condition Code Optimization Approaches}} in {{Binary Translation}}},
  author = {{Ma Xiangning} and {Wu Chenggang} and {Tang Feng} and {Feng Xiaobing} and {Zhang Zhaoqing}},
  year = {2005},
  journal = {Journal of Computer Research and Development},
  volume = {42},
  number = {2},
  pages = {329},
  issn = {1000-1239},
  
  url = {http://219.238.6.200/article?code=crad20050222&jccode=58},
  urldate = {2023-11-28},
  
  langid = {english}
}

@inproceedings{nethercoteValgrindFrameworkHeavyweight2007,
  title = {Valgrind: A Framework for Heavyweight Dynamic Binary Instrumentation},
  shorttitle = {Valgrind},
  booktitle = {Proceedings of the 28th {{ACM SIGPLAN Conference}} on {{Programming Language Design}} and {{Implementation}}},
  author = {Nethercote, Nicholas and Seward, Julian},
  year = {2007},
  month = jun,
  pages = {89--100},
  publisher = {{ACM}},
  address = {{San Diego California USA}},
  
  url = {https://dl.acm.org/doi/10.1145/1250734.1250746},
  urldate = {2023-12-07},
  
  isbn = {978-1-59593-633-2},
  langid = {english}
}

@article{patilELFiesExecutableRegion2021,
  title = {{{ELFies}}: {{Executable Region Checkpoints}} for {{Performance Analysis}} and {{Simulation}}},
  shorttitle = {{{ELFies}}},
  author = {Patil, Harish and Isaev, Alexander and Heirman, Wim and Sabu, Alen and Hajiabadi, Ali and Carlson, Trevor E.},
  year = {2021},
  month = feb,
  journal = {2021 IEEE/ACM International Symposium on Code Generation and Optimization (CGO)},
  pages = {126--136},
  publisher = {{IEEE}},
  address = {{Seoul, Korea (South)}},
  
  url = {https://ieeexplore.ieee.org/document/9370340/},
  urldate = {2023-12-06},
  
  isbn = {9781728186139}
}

@misc{ptitsebBox642023,
  title = {Box64},
  author = {{ptitSeb}},
  year = {2021},
  url = {https://github.com/ptitSeb/box64},
  urldate = {2023-11-28},
  
  copyright = {MIT},
  keywords = {arm64,box64,dynarec,emulator,linux}
}

@misc{QEMUTCGPlugins,
  title = {{{QEMU TCG Plugins}} {\textemdash} {{QEMU}} Documentation},
  author = {{QEMU}},
  year = {2023},
  url = {https://www.qemu.org/docs/master/devel/tcg-plugins.html},
  urldate = {2023-11-30},
  
  
}

@article{renSeeDeadUops2021,
  title = {I {{See Dead}} {$M$}ops: {{Leaking Secrets}} via {{Intel}}/{{AMD Micro-Op Caches}}},
  shorttitle = {I {{See Dead}} {$M$}ops},
  author = {{Xida Ren} and {Logan Moody} and {Mohammadkazem Taram} and {Matthew Jordan} and {Dean M. Tullsen} and {Ashish Venkat}},
  year = {2021},
  month = jun,
  journal = {2021 ACM/IEEE 48th Annual International Symposium on Computer Architecture (ISCA)},
  pages = {361--374},
  publisher = {{IEEE}},
  address = {{Valencia, Spain}},
  
  url = {https://ieeexplore.ieee.org/document/9499837/},
  urldate = {2023-12-05},
  
  isbn = {9781665433334}
}

@misc{RosettaTranslationEnvironment,
  title = {About the {{Rosetta Translation Environment}}},
  author = {{Apple Inc.}},
  year = {2023},
  journal = {Apple Developer Documentation},
  url = {https://developer.apple.com/documentation/apple-silicon/about-the-rosetta-translation-environment},
  urldate = {2023-11-23},
  
  langid = {american},
  
}

@misc{RunningIntelBinaries,
  title = {Running {{Intel Binaries}} in {{Linux VMs}} with {{Rosetta}}},
  author = {{Apple Inc.}},
  year = {2023},
  journal = {Apple Developer Documentation},
  url = {https://developer.apple.com/documentation/virtualization/running_intel_binaries_in_linux_vms_with_rosetta},
  urldate = {2023-11-23},
  
  langid = {american},
  
}

@article{shenRetargetableStaticBinary2014,
  title = {A {{Retargetable Static Binary Translator}} for the {{ARM Architecture}}},
  author = {Shen, Bor-Yeh and Hsu, Wei-Chung and Yang, Wuu},
  year = {2014},
  month = jun,
  journal = {ACM Transactions on Architecture and Code Optimization},
  volume = {11},
  number = {2},
  pages = {1--25},
  issn = {1544-3566, 1544-3973},
  
  url = {https://dl.acm.org/doi/10.1145/2629335},
  urldate = {2023-12-07},
  
  langid = {english},
  
}

@inproceedings{sherwoodAutomaticallyCharacterizingLarge2002,
  title = {Automatically Characterizing Large Scale Program Behavior},
  booktitle = {Proceedings of the 10th International Conference on {{Architectural}} Support for Programming Languages and Operating Systems},
  author = {Sherwood, Timothy and Perelman, Erez and Hamerly, Greg and Calder, Brad},
  year = {2002},
  month = oct,
  pages = {45--57},
  publisher = {{ACM}},
  address = {{San Jose California}},
  
  url = {https://dl.acm.org/doi/10.1145/605397.605403},
  urldate = {2023-12-06},
  
  isbn = {978-1-58113-574-9},
  langid = {english},
  
}

@article{solomonMicrooperationCachePower2001,
  title = {Micro-Operation Cache: A Power Aware Frontend for Variable Instruction Length {{ISA}}},
  shorttitle = {Micro-Operation Cache},
  author = {{Baruch Solomon} and {Avi Mendelson} and {Doron Orenstien} and {Yoav Almog} and {Ronny Ronen}},
  year = {2001},
  journal = {ISLPED'01: Proceedings of the 2001 International Symposium on Low Power Electronics and Design (IEEE Cat. No.01TH8581)},
  pages = {4--9},
  publisher = {{ACM}},
  address = {{Huntington Beach, CA, USA}},
  
  url = {http://ieeexplore.ieee.org/document/945363/},
  urldate = {2023-12-05},
  
  isbn = {9781581133714}
}

@inproceedings{souzaISAMAPInstructionMapping2011,
  title = {{{ISAMAP}}: {{Instruction Mapping Driven}} by {{Dynamic Binary Translation}}},
  shorttitle = {{{ISAMAP}}},
  booktitle = {Computer {{Architecture}}},
  author = {Souza, Maxwell and Nic{\'a}cio, Daniel and Ara{\'u}jo, Guido},
  editor = {Varbanescu, Ana Lucia and Molnos, Anca and Van Nieuwpoort, Rob},
  year = {2011},
  volume = {6161},
  pages = {117--138},
  publisher = {{Springer Berlin Heidelberg}},
  address = {{Berlin, Heidelberg}},
  
  url = {http://link.springer.com/10.1007/978-3-642-24322-6_11},
  urldate = {2023-11-28},
  
  isbn = {978-3-642-24321-9 978-3-642-24322-6},
  
}

@misc{SPECCPU2000,
  title = {{{SPEC CPU2000}}},
  author = {{Standard Performance Evaluation Corporation}},
  year = {2000},
  url = {https://www.spec.org/cpu2000/},
  urldate = {2023-11-28},
  
  howpublished = {Standard Performance Evaluation Corporation},
  
}

@misc{SPECCPU2017,
  title = {{{SPEC CPU}}{\textregistered} 2017},
  author = {{Standard Performance Evaluation Corporation}},
  year = {2017},
  url = {https://www.spec.org/cpu2017/},
  urldate = {2023-11-28},
  
  howpublished = {Standard Performance Evaluation Corporation},
  
}

@article{tangEfLAAlgorithmBased2007En,
  title = {{{EfLA Algorithm Based}} on {{Dynamic Feedback}}},
  author = {{Feng Tang} and {Wu Chenggang} and {Feng Xiaobing} and {Zhang Zhaoqing}},
  year = {2007},
  journal = {Journal of Software},
  volume = {18},
  number = {7},
  pages = {1603},
  issn = {1000-9825},
  
  url = {http://219.238.6.200/article?code=jos181603&jccode=52},
  urldate = {2023-11-28},
  
  langid = {english}
}

@inproceedings{vanUQBTAdaptableBinary2000,
  title = {{{UQBT}}: {{Adaptable Binary Translation}} at {{Low Cost}}},
  shorttitle = {{{UQBT}}},
  author = {Van, Mike},
  year = {2000},
  url = {https://www.semanticscholar.org/paper/UQBT%3A-Adaptable-Binary-Translation-at-Low-Cost-Van/3ef2e7b4d4199d12154bc1f2e2bb06bc965b8230},
  urldate = {2023-12-07},
  
  
}

@inproceedings{wangBinaryTranslationBackend2018,
  title = {A {{Binary Translation Backend Registers Allocation Algorithm Based}} on {{Priority}}},
  booktitle = {Geo-{{Spatial Knowledge}} and {{Intelligence}}},
  author = {Wang, Jun and Pang, Jianmin and Fu, Liguo and Shan, Zheng and Yue, Feng and Zhang, Jiahao},
  editor = {Yuan, Hanning and Geng, Jing and Liu, Chuanlu and Bian, Fuling and Surapunt, Tisinee},
  year = {2018},
  volume = {849},
  pages = {414--425},
  publisher = {{Springer Singapore}},
  address = {{Singapore}},
  
  url = {http://link.springer.com/10.1007/978-981-13-0896-3_41},
  urldate = {2023-11-28},
  
  isbn = {9789811308956 9789811308963}
}

@article{wangDynamicTranslationOptimization2019,
  title = {Dynamic {{Translation Optimization Method Based}} on {{Static Pre-Translation}}},
  author = {Wang, Jun and Pang, Jianmin and Liu, Xiaonan and Yue, Feng and Tan, Jie and Fu, Liguo},
  year = {2019},
  journal = {IEEE Access},
  volume = {7},
  pages = {21491--21501},
  issn = {2169-3536},
  
  url = {https://ieeexplore.ieee.org/document/8635523/},
  urldate = {2023-12-07},
  
  
}

@article{wangEnablingCrossISAOffloading2017,
  title = {Enabling {{Cross-ISA Offloading}} for {{COTS Binaries}}},
  author = {Wang, Wenwen and Yew, Pen-Chung and Zhai, Antonia and McCamant, Stephen and Wu, Youfeng and Bobba, Jayaram},
  year = {2017},
  month = jun,
  journal = {Proceedings of the 15th Annual International Conference on Mobile Systems, Applications, and Services},
  pages = {319--331},
  publisher = {{ACM}},
  address = {{Niagara Falls New York USA}},
  
  url = {https://dl.acm.org/doi/10.1145/3081333.3081337},
  urldate = {2023-11-28},
  
  isbn = {9781450349284},
  langid = {english}
}

@article{wangEnhancingCrossISADBT2018,
  title = {Enhancing {{Cross-ISA DBT Through Automatically Learned Translation Rules}}},
  author = {Wang, Wenwen and McCamant, Stephen and Zhai, Antonia and Yew, Pen-Chung},
  year = {2018},
  month = mar,
  journal = {Proceedings of the Twenty-Third International Conference on Architectural Support for Programming Languages and Operating Systems},
  pages = {84--97},
  publisher = {{ACM}},
  address = {{Williamsburg VA USA}},
  
  url = {https://dl.acm.org/doi/10.1145/3173162.3177160},
  urldate = {2023-11-28},
  
  isbn = {9781450349116},
  langid = {english}
}

@article{yadavalliRaisingBinariesLLVM2019,
  title = {Raising Binaries to {{LLVM IR}} with {{MCTOLL}} ({{WIP}} Paper)},
  author = {Yadavalli, S. Bharadwaj and Smith, Aaron},
  year = {2019},
  month = jun,
  journal = {Proceedings of the 20th ACM SIGPLAN/SIGBED International Conference on Languages, Compilers, and Tools for Embedded Systems},
  pages = {213--218},
  publisher = {{ACM}},
  address = {{Phoenix AZ USA}},
  
  url = {https://dl.acm.org/doi/10.1145/3316482.3326354},
  urldate = {2023-12-07},
  
  isbn = {9781450367240},
  langid = {english}
}

@article{yiRegisterAllocationQEMU2015,
  title = {Register {{Allocation}} for {{QEMU Dynamic Binary Translation Systems}}},
  author = {Yi, Liang and Shao, Yuanhua and Yang, Guowu and Wu, Jinzhao},
  year = {2015},
  month = feb,
  journal = {International Journal of Hybrid Information Technology},
  volume = {8},
  number = {2},
  pages = {199--210},
  issn = {17389968},
  
  url = {http://gvpress.com/journals/IJHIT/vol8_no2/18.pdf},
  urldate = {2023-11-28},
  
}


@misc{llvm_project,
  title={LLVM Project, a collection of modular and reusable compiler and toolchain technologies.},
  url={https://github.com/llvm/llvm-project},
  author={LLVM},
  year={2003},
  note = "Accessed: 2023-3-30"
}

@inproceedings{Hong2012HQEMUAM,
  title={HQEMU: a multi-threaded and retargetable dynamic binary translator on multicores},
  author={Ding-Yong Hong and Chun-Chen Hsu and Pen-Chung Yew and Jan-Jan Wu and Wei-Chung Hsu and Pangfeng Liu and Chien-Min Wang and Yeh-Ching Chung},
  booktitle={IEEE/ACM International Symposium on Code Generation and Optimization},
  year={2012},
  url={https://api.semanticscholar.org/CorpusID:12821793}
}

@article{Hu2009An,
title={An Optimization Approach for QEMU},
author={Yabin Hu and Hai Jin and Zhibin Yu and Hongyang Zheng},
journal={2009 First International Conference on Information Science and Engineering},
year={2009},
pages={129-132},
doi={10.1109/ICISE.2009.289}
}

@article{goldenage,
author = {Hennessy, John L. and Patterson, David A.},
title = {A new golden age for computer architecture},
year = {2019},
issue_date = {February 2019},
publisher = {Association for Computing Machinery},
address = {New York, NY, USA},
volume = {62},
number = {2},
issn = {0001-0782},
url = {https://doi.org/10.1145/3282307},


journal = {Commun. ACM},
month = {jan},
pages = {48–60},
numpages = {13}
}

@ARTICLE {Godson3,
author = {J. Wang and X. Gao and G. Li and Q. Liu and W. Hu and Y. Chen},
journal = {IEEE/ACM International Symposium on Microarchitecture},
title = {Godson-3: A Scalable Multicore RISC Processor with x86 Emulation},
year = {2009},
volume = {29},
number = {02},
issn = {1937-4143},
pages = {17-29},

keywords = {multicore processor;risc processor;scalable interconnection network;reconfigurable architecture;x86 emulation},

publisher = {IEEE Computer Society},
address = {Los Alamitos, CA, USA},
month = {mar}
}

@inproceedings{Risotto,
author = {Gouicem, Redha and Sprokholt, Dennis and Ruehl, Jasper and Rocha, Rodrigo C. O. and Spink, Tom and Chakraborty, Soham and Bhatotia, Pramod},
title = {Risotto: A Dynamic Binary Translator for Weak Memory Model Architectures},
year = {2022},
isbn = {9781450399159},
publisher = {Association for Computing Machinery},
address = {New York, NY, USA},
url = {https://doi.org/10.1145/3567955.3567962},


booktitle = {Proceedings of the 28th ACM International Conference on Architectural Support for Programming Languages and Operating Systems, Volume 1},
pages = {107–122},
numpages = {16},
keywords = {memory models, formal verification, Binary translation},
location = {Vancouver, BC, Canada},
series = {ASPLOS 2023}
}



@article{LoongISA,
author = {胡伟武 and 靳国杰 and 汪文祥 and 等},
title = {龙芯指令系统融合技术},
journal = {中国科学：信息科学},
year = {2015},
number = {4},
pages = {459-479},
}

@article{amstadt1994wine,
  title={Wine},
  author={Amstadt, Bob and Johnson, Michael K},
  journal={Linux Journal},
  volume={1994},
  number={4es},
  pages={3},
  year={1994},
  publisher={Belltown Media}
}

@article{deflater,
author = {Xie, Benyi and Yan, Yue and Yan, Chenghao and Tao, Sicheng and Zhang, Zhuangzhuang and Li, Xinyu and Lan, Yanzhi and Wu, Xiang and Liu, Tianyi and Zhang, Tingting and Zhang, Fuxin},
title = {An Instruction Inflation Analyzing Framework for Dynamic Binary Translators},
year = {2024},
publisher = {Association for Computing Machinery},
address = {New York, NY, USA},
issn = {1544-3566},
url = {https://doi.org/10.1145/3640813},


note = {Just Accepted},
journal = {ACM Trans. Archit. Code Optim.},
month = {jan},
keywords = {Dynamic binary translation, translation inflation, overhead analysis}
}

@patent{uopPatent,
author = {David N. Suggs , Austin , TX (US)},
title = {Operation cache},
year = {2020},
number = {US 10606599},
publisher = {Intel Corporation}
}

@misc{riscv-tests,
  title = {riscv-tests},
  author = {{riscv-software-src}},
  year = {2013},
  url = {https://github.com/riscv-software-src/riscv-tests},
  urldate = {2024-4-9},
  copyright = {MIT},
}

@misc{riscv-arch-tests,
  title = {riscv-arch-tests},
  author = {{riscv-none-isa}},
  year = {2018},
  url = {https://github.com/riscv-non-isa/riscv-arch-test},
  urldate = {2024-4-9},
  copyright = {MIT},
}

@article{LiNan2021,
  author    = {Li Nan and Pang Jianmin},
  title     = {Intermediate Code Optimization Method for Binary Translation Based on Intermediate Representation Rule Replacement},
  journal   = {Journal of National University of Defense Technology},
  year      = {2021},
  volume    = {43},
  number    = {4},
  pages     = {156--162},
}

@inproceedings{FengYue2010,
  author    = {Feng Yue and Jianmin Pang and Xiaosu Han and Jinxian Cui},
  title     = {An Improved Code Cache Management Scheme from I386 to Alpha In Dynamic Binary Translation},
  booktitle = {Proceedings of the 2010 Second International Conference on Computer Modeling and Simulation},
  publisher = {IEEE Computer Society},
  year      = {2010},
  pages     = {321--324},
  doi       = {10.1109/ICCMS.2010.97},
}

@inproceedings{Wang2021,
  author    = {Wenwen Wang},
  title     = {Helper Function Inlining in Dynamic Binary Translation},
  booktitle = {Proceedings of the 30th ACM SIGPLAN International Conference on Compiler Construction},
  year      = {2021},
  pages     = {107--118},
  publisher = {Association for Computing Machinery},
  address   = {Virtual, Republic of Korea},
  doi       = {10.1145/3446804.3446851},
}

@online{LvYandong2021,
  author    = {Lv Yandong},
  title     = {Principle and Application of Dynamic Binary Translation Technology},
  year      = {2021},
  url       = {https://ppt.infoq.cn/slide/show?cid=83&pid=3238},
  note      = {Accessed: 2024-04-15}
}

@mastersthesis{HuQi2023,
  author       = {胡起},
  title        = {指令流分析指导的动态二进制翻译优化技术},
  school       = {中国科学院计算技术研究所},
  year         = {2023},
  month        = {6},
  type         = {硕士论文}
}

@Article{BT_Review,
title = {二进制翻译技术综述},
author = {谢汶兵 and 田雪 and 漆锋滨 and 武成岗 and 王俊 and 罗巧玲},
 journal = {软件学报},
 volume = {35},
 number = {6},
 pages = {1},
 numpages = {37.0000},
 year = {2024},
 month = {},
 
 publisher = {科学出版社}
}

# 博士毕业论文
@phdthesis{xieby2024,
  author       = {谢本壹},
  title        = {二进制翻译的瓶颈分析和软硬件协同优化},
  school       = {中国科学院计算技术研究所},
  year         = {2024},
  month        = {6},
  type         = {博士论文}
}

@misc{ZLUDA,
  title = {ZLUDA},
  author = {{Vosen}},
  year = {2020},
  url = {https://github.com/vosen/ZLUDA},
  urldate = {2024-4-9},
  copyright = {MIT},
}