# bibtool -x out/Thesis.aux -o Biblio/new_essay.bib


@Article{	  akramvalidationgem5simulator2019,
  title		= {Validation of the Gem5 {{Simulator}} for X86
		  {{Architectures}}},
  author	= {Akram, Ayaz and Sawalha, Lina},
  year		= {2019},
  journal	= {IEEE/ACM Performance Modeling, Benchmarking and
		  Simulation of High Performance Computer Systems},
  pages		= {53--58}
}

@InProceedings{	  bellardqemufastportable2005,
  title		= {{{QEMU}}, a {{Fast}} and {{Portable Dynamic Translator}}},
  booktitle	= {{{USENIX Annual Technical Conference}}},
  author	= {Bellard, Fabrice},
  year		= {2005},
  pages		= {46}
}

@Article{	  chernofffx32profiledirected1998,
  title		= {{{FX}}!32 a Profile-Directed Binary Translator},
  author	= {{Anton Chernoff} and {Mark Herdeg} and {Ray Hookway} and
		  {Chris Reeve} and {Norman Rubin} and {Tony Tye} and {S.
		  Bharadwaj Yadavalli} and {John Yates}},
  year		= {1998},
  journal	= {IEEE/ACM International Symposium on Microarchitecture},
  volume	= {18},
  number	= {2}
}

@Article{	  dantrasoptimizingindirectbranches2016,
  title		= {Optimizing {{Indirect Branches}} in {{Dynamic Binary
		  Translators}}},
  author	= {{d'Antras}, Amanieu and Gorgovan, Cosmin and Garside, Jim
		  and Luj{\'a}n, Mikel},
  year		= {2016},
  journal	= {ACM Transactions on Architecture and Code Optimization},
  volume	= {13},
  number	= {1},
  pages		= {1--25}
}

@Article{	  dehnerttransmetacodemorphing2003,
  title		= {The {{Transmeta Code Morphing}}{\texttrademark}
		  {{Software}}: Using Speculation, Recovery, and Adaptive
		  Retranslation to Address Real-Life Challenges},
  author	= {{James C. Dehnert} and {Brian K. Grant} and {John P.
		  Banning} and {Richaard Johnson} and {Thomas Kistler} and
		  {Alexander Klaiber} and {Jim Mattson}},
  year		= {2003},
  journal	= {International Symposium on Code Generation and
		  Optimization},
  pages		= {15--24}
}

@Article{	  gem5simulatorversion2020,
  title		= {The Gem5 {{Simulator}}: {{Version}} 20.0+},
  author	= {{Lowe-Power}, Jason and Ahmad, Abdul Mutaal and Akram,
		  Ayaz and Alian, Mohammad and Amslinger, Rico and Andreozzi,
		  M. and Armejach, Adri{\`a} and Asmussen, N. and Bharadwaj,
		  Srikant and Black, Gabriel and Bloom, Gedare and Bruce,
		  Bobby R. and Carvalho, Daniel Rodrigues and Castrill{\'o}n,
		  J. and Chen, Lizhong and Derumigny, Nicolas and
		  Diestelhorst, S. and Elsasser, Wendy and Fariborz, Marjan
		  and {Farmahini-Farahani}, A. and Fotouhi, P. and Gambord,
		  Ryan and Gandhi, Jayneel and Gope, Dibakar and Grass,
		  Thomas and Hanindhito, Bagus and Hansson, Andreas and
		  Haria, Swapnil and Harris, Austin and Hayes, Timothy and
		  Herrera, Adri{\'a}n and Horsnell, Matthew and Jafri, Syed
		  Ali Raza and Jagtap, R. and Jang, Hanhwi and Jeyapaul,
		  Reiley and Jones, Timothy M. and Jung, Matthias and
		  Kannoth, Subash and Khaleghzadeh, Hamidreza and Kodama,
		  Yuetsu and Krishna, T. and Marinelli, Tom and Menard,
		  Christian and Mondelli, Andrea and Muck, T. and Naji, Omar
		  and Nathella, Krishnendra and Nguyen, H. and Nikoleris,
		  Nikos and Olson, Lena E. and Orr, Marc S. and Pham, B. and
		  Prieto, P. and Reddy, Trivikram and Roelke, A. and Samani,
		  Mahyar and Sandberg, Andreas and Setoain, J. and Shingarov,
		  Boris and Sinclair, Matthew D. and Ta, T. and Thakur, Rahul
		  and Travaglini, G. and Upton, M. and Vaish, Nilay and
		  Vougioukas, Ilias and Wang, Zhengrong and Wehn, N. and
		  Weis, C. and Wood, D. and Yoon, Hongil and Zulian, 'Eder F.},
  year		= {2020},
  journal	= {ArXiv},
}

@Article{	  gem5originalpaper,
  author	= {Binkert, Nathan and Beckmann, Bradford and Black, Gabriel
		  and Reinhardt, Steven K. and Saidi, Ali and Basu, Arkaprava
		  and Hestness, Joel and Hower, Derek R. and Krishna, Tushar
		  and Sardashti, Somayeh and Sen, Rathijit and Sewell, Korey
		  and Shoaib, Muhammad and Vaish, Nilay and Hill, Mark D. and
		  Wood, David A.},
  title		= {The gem5 simulator},
  year		= {2011},
  volume	= {39},
  number	= {2},
  pages		= {1–7},
  journal	= {SIGARCH Computer Architecture News},
}

@Article{	  butko2012accuracyeo,
  title		= {Accuracy evaluation of GEM5 simulator system},
  author	= {Anastasiia Butko and Rafael Garibotti and Luciano Ost and
		  Gilles Sassatelli},
  journal	= {7th International Workshop on Reconfigurable and
		  Communication-Centric Systems-on-Chip},
  year		= {2012},
  pages		= {1-7}
}

@Article{	  kotraimprovingutilizationmicrooperation2020,
  title		= {Improving the {{Utilization}} of {{Micro-operation
		  Caches}} in X86 {{Processors}}},
  author	= {{Jagadish B. Kotra} and {John Kalamatianos}},
  year		= {2020},
  journal	= {IEEE/ACM International Symposium on
		  Microarchitecture},
  pages		= {160--172}
}

@Misc{		  kunpengexagear,
  title		= {{华为动态二进制翻译工具（ExaGear）}},
  author	= {{华为技术有限公司}},
  year		= {2023},
  url		= {https://www.hikunpeng.com/developer/devkit/exagear},
  urldate	= {2023-11-23},
  langid	= {chinese}
}

@Article{	  loongarch2023,
  title		= {{龙芯指令系统架构技术}},
  author	= {{胡伟武} and {汪文祥} and {吴瑞阳} and
		  {王焕东} and {曾露} and {徐成华} and {高翔} and
		  {张福新}},
  year		= {2023},
  journal	= {计算机研究与发展},
  volume	= {60},
  number	= {1},
  pages		= {2--16}
}

@Article{	  loongarchenv2022,
  title		= {{龙芯指令系统架构及其软件生态建设}},
  author	= {{胡伟武} and {高翔} and {张戈}},
  year		= {2022},
  journal	= {信息通信技术与政策},
  volume	= {48},
  number	= {4},
  pages		= {43}
}

@Misc{		  rosettatranslationenvironment,
  title		= {About the {{Rosetta Translation Environment}}},
  author	= {{Apple Inc.}},
  year		= {2023},
  journal	= {Apple Developer Documentation},
  url		= {https://developer.apple.com/documentation/apple-silicon/about-the-rosetta-translation-environment},
  urldate	= {2023-11-23},
  langid	= {american}
}

@Misc{		  runningintelbinaries,
  title		= {Running {{Intel Binaries}} in {{Linux VMs}} with
		  {{Rosetta}}},
  author	= {{Apple Inc.}},
  year		= {2023},
  journal	= {Apple Developer Documentation},
  url		= {https://developer.apple.com/documentation/virtualization/running_intel_binaries_in_linux_vms_with_rosetta},
  urldate	= {2023-11-23},
  langid	= {american}
}

@Article{	  solomonmicrooperationcachepower2001,
  title		= {Micro-Operation Cache: A Power Aware Frontend for Variable
		  Instruction Length {{ISA}}},
  author	= {{Baruch Solomon} and {Avi Mendelson} and {Doron Orenstien}
		  and {Yoav Almog} and {Ronny Ronen}},
  year		= {2001},
  journal	= {International Symposium on Low Power Electronics and Design},
  pages		= {4--9}
}

@Misc{		  speccpu2017,
  title		= {{{SPEC CPU}}{\textregistered} 2017},
  author	= {{Standard Performance Evaluation Corporation}},
  year		= {2017},
  url		= {https://www.spec.org/cpu2017/},
  urldate	= {2023-11-28},
  howpublished	= {Standard Performance Evaluation Corporation}
}

@InProceedings{	  hong2012hqemuam,
  title		= {HQEMU: a multi-threaded and retargetable dynamic binary
		  translator on multicores},
  author	= {Ding-Yong Hong and Chun-Chen Hsu and Pen-Chung Yew and
		  Jan-Jan Wu and Wei-Chung Hsu and Pangfeng Liu and Chien-Min
		  Wang and Yeh-Ching Chung},
  booktitle	= {IEEE/ACM International Symposium on Code Generation and
		  Optimization},
  year		= {2012}
}

@Article{	  goldenage,
  author	= {Hennessy, John L. and Patterson, David A.},
  title		= {A new golden age for computer architecture},
  year		= {2019},
  volume	= {62},
  number	= {2},
  pages		= {48–60},
  numpages	= {13}
}

@Article{	  godson3,
  author	= {J. Wang and X. Gao and G. Li and Q. Liu and W. Hu and Y.
		  Chen},
  journal	= {IEEE/ACM International Symposium on Microarchitecture},
  title		= {Godson-3: A Scalable Multicore RISC Processor with x86
		  Emulation},
  year		= {2009},
  volume	= {29},
  number	= {02},
  pages		= {17-29},
}

@InProceedings{	  risotto,
  author	= {Gouicem, Redha and Sprokholt, Dennis and Ruehl, Jasper and
		  Rocha, Rodrigo C. O. and Spink, Tom and Chakraborty, Soham
		  and Bhatotia, Pramod},
  title		= {Risotto: A Dynamic Binary Translator for Weak Memory Model
		  Architectures},
  year		= {2022},
  isbn		= {9781450399159},
  booktitle	= {Proceedings of the 28th ACM International Conference on
		  Architectural Support for Programming Languages and
		  Operating Systems, Volume 1},
  pages		= {107–122},
  numpages	= {16}
}

@Article{	  loongisa,
  author	= {胡伟武 and 靳国杰 and 汪文祥 and 等},
  title		= {龙芯指令系统融合技术},
  journal	= {中国科学：信息科学},
  year		= {2015},
  number	= {4},
  pages		= {459-479}
}

@Article{	  amstadt1994wine,
  title		= {Wine},
  author	= {Amstadt, Bob and Johnson, Michael K},
  journal	= {Linux Journal},
  number	= {4es},
  pages		= {3},
  year		= {1994},
}

@Article{	  deflater,
  author	= {Xie, Benyi and Yan, Yue and Yan, Chenghao and Tao, Sicheng
		  and Zhang, Zhuangzhuang and Li, Xinyu and Lan, Yanzhi and
		  Wu, Xiang and Liu, Tianyi and Zhang, Tingting and Zhang,
		  Fuxin},
  title		= {An Instruction Inflation Analyzing Framework for Dynamic
		  Binary Translators},
  year		= {2024},
  journal	= {ACM Transactions on Architecture and Code Optimization}
}

@Misc{		  riscv-tests,
  title		= {riscv-tests},
  author	= {{riscv-software-src}},
  year		= {2013},
  url		= {https://github.com/riscv-software-src/riscv-tests},
  urldate	= {2024-4-9},
  copyright	= {MIT}
}

@Misc{		  riscv-arch-tests,
  title		= {riscv-arch-tests},
  author	= {{riscv-none-isa}},
  year		= {2018},
  url		= {https://github.com/riscv-non-isa/riscv-arch-test},
  urldate	= {2024-4-9},
  copyright	= {MIT}
}

@Article{	  linan2021,
  author	= {Li Nan and Pang Jianmin},
  title		= {Intermediate Code Optimization Method for Binary
		  Translation Based on Intermediate Representation Rule
		  Replacement},
  journal	= {Journal of National University of Defense Technology},
  year		= {2021},
  volume	= {43},
  number	= {4},
  pages		= {156--162}
}

@InProceedings{	  fengyue2010,
  author	= {Feng Yue and Jianmin Pang and Xiaosu Han and Jinxian Cui},
  title		= {An Improved Code Cache Management Scheme from I386 to
		  Alpha In Dynamic Binary Translation},
  booktitle	= {Proceedings of the 2010 Second International Conference on
		  Computer Modeling and Simulation},
  year		= {2010},
  pages		= {321--324}
}

@InProceedings{	  wang2021,
  author	= {Wenwen Wang},
  title		= {Helper Function Inlining in Dynamic Binary Translation},
  booktitle	= {Proceedings of the 30th ACM SIGPLAN International
		  Conference on Compiler Construction},
  year		= {2021},
  pages		= {107--118}
}

@MastersThesis{	  huqi2023,
  author	= {胡起},
  title		= {指令流分析指导的动态二进制翻译优化技术},
  school	= {中国科学院计算技术研究所},
  year		= {2023},
  month		= {6},
  type		= {硕士论文}
}

@Article{	  bt_review,
  title		= {二进制翻译技术综述},
  author	= {谢汶兵 and 田雪 and 漆锋滨 and 武成岗 and
		  王俊 and 罗巧玲},
  journal	= {软件学报},
  volume	= {35},
  number	= {6},
  pages		= {1},
  year		= {2024}
}

@Misc{		  zluda,
  title		= {ZLUDA},
  author	= {{Vosen}},
  year		= {2020},
  url		= {https://github.com/vosen/ZLUDA},
  urldate	= {2024-4-9},
  copyright	= {MIT}
}

@online{noauthor_intel_nodate,
	title = {Intel Core Processors and Intel Bridge Technology Unleash Windows 11},
	url = {https://www.intel.com/content/www/us/en/newsroom/news/intel-tech-unleashes-windows-experience.html},
	urldate = {2024-04-16},
}

@patent{uopPatent,
author = {David N. Suggs , Austin , TX (US)},
title = {Operation cache},
year = {2020},
number = {US 10606599}
}

@online{LvYandong2021,
  author    = {Lv Yandong},
  title     = {Principle and Application of Dynamic Binary Translation Technology},
  year      = {2021},
  url       = {https://ppt.infoq.cn/slide/show?cid=83&pid=3238},
  urldate   = {2024-04-15}
}